@article{stadler2014partial,
  title={Partial escape analysis and scalar replacement for Java},
  author={Stadler, Lukas and W{\"u}rthinger, Thomas and M{\"o}ssenb{\"o}ck, Hanspeter},
  booktitle={Proceedings of Annual IEEE/ACM International Symposium on Code Generation and Optimization},
  pages={165},
  year={2014},
  organization={ACM}
}

@article{rigo2005,
  title={D05.1: Compiling Dynamic Language Implementations},
  author={Armin Rigo (HHU), Michael Hudson (HHU), Samuele Pedroni (AB Strakt)},
  booktitle={Researching a Highly Flexible and Modular Language Platform and Implementing it by Leveraging the Open Source Python Lanugage and Community},
  year={2005},
  organization={HHU}
}

@inproceedings{debray1995abstract,
  title={Abstract interpretation and low-level code optimization},
  author={Debray, Saumya},
  booktitle={Proceedings of the 1995 ACM SIGPLAN symposium on Partial evaluation and semantics-based program manipulation},
  pages={111--121},
  year={1995},
  organization={ACM}
}

@inproceedings{CousotCousot77,
   author =    {Cousot, P{.} and Cousot, R{.}},
   title =     {Abstract interpretation: a unified lattice model for static 
                analysis of programs by construction or approximation of 
                fixpoints},
   pages =     {238--252},
   booktitle = {Conference Record of the Fourth Annual ACM SIGPLAN-SIGACT 
                Symposium on Principles of Programming Languages},
   address =   {Los Angeles, California},
   publisher = {ACM Press, New York, NY},
   year =      1977,
}

@online{python,
  title = {Python Org},
  url = {https://www.python.org/},
  urldate = {2016-08-26}
}

@online{pypy,
  title = {pypy framework project website},
  url = {http://pypy.org/},
  urldate = {2016-08-26}
}

@online{topaz,
  title = {topaz Ruby compiler},
  url = {https://github.com/topazproject},
  urldate = {2016-08-26}
}

@online{guido,
  title = {Guido van Rossum},
  url = {https://www.python.org/~guido/},
  urldate = {2016-08-27}
}

@online{knuth,
  title = {Premature Optimization},
  url = {http://c2.com/cgi/wiki?PrematureOptimization},
  urldate = {2016-08-27}
}

@online{bdw,
  title = {Boehm-Demers-Weiser},
  url = {http://hboehm.info/gc/},
  urldate = {2016-08-28}
}

@online{gc,
  title = {RPython Garbage Collectors},
  url = {http://rpython.readthedocs.io/en/latest/garbage_collection.html},
  urldate = {2016-08-28}
}

@inproceedings{proof,
 author = {Blanchet, Bruno},
 title = {Escape Analysis: Correctness Proof, Implementation and Experimental Results},
 booktitle = {Proceedings of the 25th ACM SIGPLAN-SIGACT Symposium on Principles of Programming Languages},
 series = {POPL '98},
 year = {1998},
 isbn = {0-89791-979-3},
 location = {San Diego, California, USA},
 pages = {25--37},
 numpages = {13},
 url = {http://doi.acm.org/10.1145/268946.268949},
 doi = {10.1145/268946.268949},
 acmid = {268949},
 publisher = {ACM},
 address = {New York, NY, USA},
} 

@inproceedings{complexity,
 author = {Deutsch, Alain},
 title = {On the Complexity of Escape Analysis},
 booktitle = {Proceedings of the 24th ACM SIGPLAN-SIGACT Symposium on Principles of Programming Languages},
 series = {POPL '97},
 year = {1997},
 isbn = {0-89791-853-3},
 location = {Paris, France},
 pages = {358--371},
 numpages = {14},
 url = {http://doi.acm.org/10.1145/263699.263750},
 doi = {10.1145/263699.263750},
 acmid = {263750},
 publisher = {ACM},
 address = {New York, NY, USA},
} 

@online{fork,
  title = {Fork of official PyPy Repository},
  url = {https://bitbucket.org/papanikge/pypy},
  urldate = {2016-09-11}
}

@online{repo,
  title = {Official PyPy Repository (BitBucket)},
  url = {https://bitbucket.org/pypy/pypy},
  urldate = {2016-09-11}
}

@online{mercurial,
  title = {Official PyPy Repository (BitBucket)},
  url = {https://www.mercurial-scm.org/},
  urldate = {2016-09-11}
}

@online{tdd,
  title = {Test-driven development},
  url = {https://en.wikipedia.org/wiki/Test-driven_development},
  urldate = {2016-09-11}
}

@online{gil,
  title = {Understanding the Python GIL},
  url = {http://www.dabeaz.com/python/UnderstandingGIL.pdf},
  urldate = {2016-09-18}
}

@online{deque,
  title = {Double-ended queue},
  url = {https://en.wikipedia.org/wiki/Double-ended_queue},
  urldate = {2016-09-19}
}

@article{ssa,
  title={Efficiently computing static single assignment form and the control dependence graph},
  author={Cytron, Ron and Ferrante, Jeanne and Rosen, Barry K and Wegman, Mark N and Zadeck, F Kenneth},
  journal={ACM Transactions on Programming Languages and Systems (TOPLAS)},
  volume={13},
  number={4},
  pages={451--490},
  year={1991},
  publisher={ACM}
}

@inproceedings{kotzmann2005escape,
  title={Escape analysis in the context of dynamic compilation and deoptimization},
  author={Kotzmann, Thomas and M{\"o}ssenb{\"o}ck, Hanspeter},
  booktitle={Proceedings of the 1st ACM/USENIX international conference on Virtual execution environments},
  pages={111--120},
  year={2005},
  organization={ACM}
}